<?xml version="1.0" encoding="UTF-8"?><collection xmlns="http://www.loc.gov/MARC21/slim"><record><leader>00389nam--2200133-i-4500</leader><controlfield tag="001">000037718</controlfield><controlfield tag="002">20161230</controlfield><controlfield tag="005">20161230201041</controlfield><controlfield tag="008">060222s1000------------r-----000-0-eng-d</controlfield><datafield ind1=" " ind2=" " tag="080"><subfield code="a">614.876</subfield></datafield><datafield ind1=" " ind2=" " tag="245"><subfield code="a">Protection against betatron-synchrotron radiations up to 100 milion electron volts</subfield></datafield><datafield ind1=" " ind2=" " tag="260"><subfield code="a">Washington,U.S.Dep.Of Commerce, 1954. Vi + 52 P</subfield></datafield><datafield ind1=" " ind2=" " tag="490"><subfield code="a">N.B/S.Handbook</subfield></datafield><datafield ind1=" " ind2=" " tag="852"><subfield code="a">10798</subfield></datafield></record></collection>